@article{where_we_are_go,
    author =       "Silke M. Witt",
    title =        "Automatic error detection in pronunciation trianing: Where we are and where we need to go",
    year =         "2012"
}

@article{pronunciation_scoring_instruction,
    author =       "Franco, H. and Neumayer, L. and Kim, Y. and Ronen, O.",
    title =        "Automatic pronunciation scoring for language instruction",
    journal =      "Proc. ICASSP 97",
    year =         "1997"
}

@article{pronunciation_scoring_phone_segments_instruction,
    author =       "Kim, Y. and Franco, H. and Neumayer, L.",
    title =        "Automatic pronunciation scoring of specific phone segments for language instruction",
    journal =      "Proc. EUROSPEECH 97",
    year =         "1997"
}

@article{detection_mispronunciation_instruction,
    author =       "Ronen, O. and Neumayer, L. and Franco, H.",
    title =        "Automatic detection of mispronunciation for language instruction",
    journal =      "Proc. EUROSPEECH 97",
    year =         "1997"
}

@article{detection_phone_level_mispronunciation_learning,
    author =       "Franco, H. and Neumayer, L. and Ramos, M. and Bratt, H.",
    title =        "Automatic detection of phone-level mispronunciations for language learning",
    journal =      "Proc. Eurospeech 99",
    year =         "1999"
}

@article{main,
    author =       "Franco, H. and Ferrer, L. and Bratt, H.",
    title =        "Adaptive and discriminative modelling for improved mispronunciation detection",
    journal =      "Proc. Eurospeech 99",
    year =         "1999"
}

