@article{franco_ferrer_main_paper,
    author =       "Franco, Horacio and Ferrer, Luciana and Bratt, Harry",
    title =        "Adaptative and discriminative modeling for improved mispronunciation detection",
    journal =      "2014 IEEE International Conference on Acoustics, Speech and Signal Processing (ICASSP)",
    organization = "IEEE",
    year =         "2014"
}